@article{Kempe:2002th,
author = {Kempe, David and Kleinberg, Jon and Kumar, Amit},
title = {{Connectivity and Inference Problems for Temporal Networks}},
journal = {International Journal of Computer and System Sciences},
year = {2002},
volume = {64},
number = {4},
pages = {820--842}
}

